<record><leader>00000cas a22000007a 4500</leader><controlfield tag="001">16260451</controlfield><controlfield tag="008">870721d18uu18uumsuwr ne      0    0eng d</controlfield><datafield ind1=" " ind2=" " tag="010"><subfield code="a">sn 87065564 </subfield></datafield><datafield ind1=" " ind2=" " tag="040"><subfield code="a">MJA</subfield><subfield code="b">eng</subfield><subfield code="c">MJA</subfield><subfield code="d">MSJ</subfield><subfield code="d">OCLCQ</subfield></datafield><datafield ind1=" " ind2=" " tag="042"><subfield code="a">msc</subfield></datafield><datafield ind1="0" ind2=" " tag="130"><subfield code="a">Pontotoc Democrat (Pontotoc, Miss. : 1881)</subfield></datafield><datafield ind1="1" ind2="4" tag="245"><subfield code="a">The Pontotoc Democrat.</subfield></datafield><datafield ind1=" " ind2=" " tag="260"><subfield code="a">Pontotoc, Miss. :</subfield><subfield code="b">Julian W. Haddon</subfield></datafield><datafield ind1=" " ind2=" " tag="310"><subfield code="a">Weekly</subfield></datafield><datafield ind1=" " ind2=" " tag="588"><subfield code="a">Description based on: Vol. 5, no. 14 (Dec. 10, 1881).</subfield></datafield><datafield ind1=" " ind2=" " tag="752"><subfield code="a">United States</subfield><subfield code="b">Mississippi</subfield><subfield code="c">Pontotoc</subfield><subfield code="d">Pontotoc.</subfield></datafield></record>